<?xml version="1.0" encoding="UTF-8"?>
  <record xmlns="http://www.loc.gov/MARC21/slim" type="Authority">
    <leader>00000nz  a2200000nc 4500</leader>
    <controlfield tag="001">123213843</controlfield>
    <controlfield tag="003">DE-101</controlfield>
    <controlfield tag="005">20220309170556.0</controlfield>
    <controlfield tag="008">010917n||azznnaabn           | aaa    |c</controlfield>
    <datafield tag="024" ind1="7" ind2=" ">
      <subfield code="a">123213843</subfield>
      <subfield code="0">http://d-nb.info/gnd/123213843</subfield>
      <subfield code="2">gnd</subfield>
    </datafield>
    <datafield tag="035" ind1=" " ind2=" ">
      <subfield code="a">(DE-101)123213843</subfield>
    </datafield>
    <datafield tag="035" ind1=" " ind2=" ">
      <subfield code="a">(DE-588)123213843</subfield>
    </datafield>
    <datafield tag="035" ind1=" " ind2=" ">
      <subfield code="z">(DE-588)177756713</subfield>
    </datafield>
    <datafield tag="035" ind1=" " ind2=" ">
      <subfield code="z">(DE-588a)177756713</subfield>
      <subfield code="9">v:zg</subfield>
    </datafield>
    <datafield tag="035" ind1=" " ind2=" ">
      <subfield code="z">(DE-588a)123213843</subfield>
      <subfield code="9">v:zg</subfield>
    </datafield>
    <datafield tag="040" ind1=" " ind2=" ">
      <subfield code="a">DE-12</subfield>
      <subfield code="c">DE-12</subfield>
      <subfield code="9">r:DE-12</subfield>
      <subfield code="b">ger</subfield>
      <subfield code="d">9999</subfield>
      <subfield code="e">rda</subfield>
    </datafield>
    <datafield tag="042" ind1=" " ind2=" ">
      <subfield code="a">gnd1</subfield>
    </datafield>
    <datafield tag="043" ind1=" " ind2=" ">
      <subfield code="c">XA-DE</subfield>
    </datafield>
    <datafield tag="065" ind1=" " ind2=" ">
      <subfield code="a">3.6p</subfield>
      <subfield code="2">sswd</subfield>
    </datafield>
    <datafield tag="065" ind1=" " ind2=" ">
      <subfield code="a">6.4p</subfield>
      <subfield code="2">sswd</subfield>
    </datafield>
    <datafield tag="075" ind1=" " ind2=" ">
      <subfield code="b">p</subfield>
      <subfield code="2">gndgen</subfield>
    </datafield>
    <datafield tag="075" ind1=" " ind2=" ">
      <subfield code="b">piz</subfield>
      <subfield code="2">gndspec</subfield>
    </datafield>
    <datafield tag="079" ind1=" " ind2=" ">
      <subfield code="a">g</subfield>
      <subfield code="q">a</subfield>
      <subfield code="q">f</subfield>
      <subfield code="q">l</subfield>
      <subfield code="q">s</subfield>
      <subfield code="q">h</subfield>
      <subfield code="u">v</subfield>
    </datafield>
    <datafield tag="100" ind1="1" ind2=" ">
      <subfield code="a">Tympe, Matthäus</subfield>
      <subfield code="d">1566-1616</subfield>
    </datafield>
    <datafield tag="375" ind1=" " ind2=" ">
      <subfield code="a">1</subfield>
      <subfield code="2">iso5218</subfield>
    </datafield>
    <datafield tag="377" ind1=" " ind2="7">
      <subfield code="a">lat</subfield>
      <subfield code="a">ger</subfield>
      <subfield code="2">iso639-2b</subfield>
    </datafield>
    <datafield tag="400" ind1="1" ind2=" ">
      <subfield code="a">Tympius, Matthäus</subfield>
      <subfield code="d">1566-1616</subfield>
    </datafield>
    <datafield tag="400" ind1="1" ind2=" ">
      <subfield code="a">Tympius, Matheus</subfield>
      <subfield code="d">1566-1616</subfield>
    </datafield>
    <datafield tag="400" ind1="0" ind2=" ">
      <subfield code="a">M. T.</subfield>
      <subfield code="d">1566-1616</subfield>
    </datafield>
    <datafield tag="400" ind1="1" ind2=" ">
      <subfield code="a">Tympius, Mathaeus</subfield>
      <subfield code="d">1566-1616</subfield>
    </datafield>
    <datafield tag="400" ind1="1" ind2=" ">
      <subfield code="a">Tympius, Matthaeus</subfield>
      <subfield code="d">1566-1616</subfield>
    </datafield>
    <datafield tag="400" ind1="1" ind2=" ">
      <subfield code="a">Tympius, Matthias</subfield>
      <subfield code="d">1566-1616</subfield>
    </datafield>
    <datafield tag="400" ind1="1" ind2=" ">
      <subfield code="a">Timpe, Matthaeus</subfield>
      <subfield code="d">1566-1616</subfield>
    </datafield>
    <datafield tag="400" ind1="1" ind2=" ">
      <subfield code="a">Timpe, Matthäus</subfield>
      <subfield code="d">1566-1616</subfield>
    </datafield>
    <datafield tag="400" ind1="1" ind2=" ">
      <subfield code="a">Tymp, Matthaeus</subfield>
      <subfield code="d">1566-1616</subfield>
    </datafield>
    <datafield tag="400" ind1="1" ind2=" ">
      <subfield code="a">Timpius, Matthaeus</subfield>
      <subfield code="d">1566-1616</subfield>
    </datafield>
    <datafield tag="400" ind1="1" ind2=" ">
      <subfield code="a">Tympe, Matthaeus</subfield>
      <subfield code="d">1566-1616</subfield>
    </datafield>
    <datafield tag="400" ind1="1" ind2=" ">
      <subfield code="a">Timpus, Matthaeus</subfield>
      <subfield code="d">1566-1616</subfield>
    </datafield>
    <datafield tag="400" ind1="1" ind2=" ">
      <subfield code="a">Tumpius, Matthaeus</subfield>
      <subfield code="d">1566-1616</subfield>
    </datafield>
    <datafield tag="500" ind1="1" ind2=" ">
      <subfield code="0">(DE-101)129101036</subfield>
      <subfield code="0">(DE-588)129101036</subfield>
      <subfield code="0">https://d-nb.info/gnd/129101036</subfield>
      <subfield code="a">Pytthmaetus, Paulus</subfield>
      <subfield code="d">1566-1616</subfield>
      <subfield code="4">pseu</subfield>
      <subfield code="4">https://d-nb.info/standards/elementset/gnd#pseudonym</subfield>
      <subfield code="w">r</subfield>
      <subfield code="i">Pseudonym</subfield>
      <subfield code="e">Pseudonym</subfield>
    </datafield>
    <datafield tag="510" ind1="2" ind2=" ">
      <subfield code="0">(DE-101)055629075</subfield>
      <subfield code="0">(DE-588)16244080-7</subfield>
      <subfield code="0">https://d-nb.info/gnd/16244080-7</subfield>
      <subfield code="a">Collegium Dettenianum</subfield>
      <subfield code="g">Münster (Westf)</subfield>
      <subfield code="4">affi</subfield>
      <subfield code="4">https://d-nb.info/standards/elementset/gnd#affiliation</subfield>
      <subfield code="w">r</subfield>
      <subfield code="i">Affiliation</subfield>
      <subfield code="e">Affiliation</subfield>
    </datafield>
    <datafield tag="548" ind1=" " ind2=" ">
      <subfield code="a">1566-1616</subfield>
      <subfield code="4">datl</subfield>
      <subfield code="4">https://d-nb.info/standards/elementset/gnd#dateOfBirthAndDeath</subfield>
      <subfield code="w">r</subfield>
      <subfield code="i">Lebensdaten</subfield>
    </datafield>
    <datafield tag="548" ind1=" " ind2=" ">
      <subfield code="a">XX.XX.1566-26.03.1616</subfield>
      <subfield code="4">datx</subfield>
      <subfield code="4">https://d-nb.info/standards/elementset/gnd#dateOfBirthAndDeath</subfield>
      <subfield code="w">r</subfield>
      <subfield code="i">Exakte Lebensdaten</subfield>
    </datafield>
    <datafield tag="550" ind1=" " ind2=" ">
      <subfield code="0">(DE-101)04030020X</subfield>
      <subfield code="0">(DE-588)4030020-1</subfield>
      <subfield code="0">https://d-nb.info/gnd/4030020-1</subfield>
      <subfield code="a">Katholischer Theologe</subfield>
      <subfield code="4">berc</subfield>
      <subfield code="4">https://d-nb.info/standards/elementset/gnd#professionOrOccupation</subfield>
      <subfield code="w">r</subfield>
      <subfield code="i">Charakteristischer Beruf</subfield>
    </datafield>
    <datafield tag="550" ind1=" " ind2=" ">
      <subfield code="0">(DE-101)040252434</subfield>
      <subfield code="0">(DE-588)4025243-7</subfield>
      <subfield code="0">https://d-nb.info/gnd/4025243-7</subfield>
      <subfield code="a">Hochschullehrer</subfield>
      <subfield code="4">beru</subfield>
      <subfield code="4">https://d-nb.info/standards/elementset/gnd#professionOrOccupation</subfield>
      <subfield code="w">r</subfield>
      <subfield code="i">Beruf</subfield>
    </datafield>
    <datafield tag="550" ind1=" " ind2=" ">
      <subfield code="0">(DE-101)041585895</subfield>
      <subfield code="0">(DE-588)4158589-6</subfield>
      <subfield code="0">https://d-nb.info/gnd/4158589-6</subfield>
      <subfield code="a">Gymnasiallehrer</subfield>
      <subfield code="4">beru</subfield>
      <subfield code="4">https://d-nb.info/standards/elementset/gnd#professionOrOccupation</subfield>
      <subfield code="w">r</subfield>
      <subfield code="i">Beruf</subfield>
    </datafield>
    <datafield tag="550" ind1=" " ind2=" ">
      <subfield code="0">(DE-101)04061414X</subfield>
      <subfield code="0">(DE-588)4061414-1</subfield>
      <subfield code="0">https://d-nb.info/gnd/4061414-1</subfield>
      <subfield code="a">Übersetzer</subfield>
      <subfield code="4">beru</subfield>
      <subfield code="4">https://d-nb.info/standards/elementset/gnd#professionOrOccupation</subfield>
      <subfield code="w">r</subfield>
      <subfield code="i">Beruf</subfield>
    </datafield>
    <datafield tag="550" ind1=" " ind2=" ">
      <subfield code="0">(DE-101)969164602</subfield>
      <subfield code="0">(DE-588)4753212-9</subfield>
      <subfield code="0">https://d-nb.info/gnd/4753212-9</subfield>
      <subfield code="a">Domprediger</subfield>
      <subfield code="4">beru</subfield>
      <subfield code="4">https://d-nb.info/standards/elementset/gnd#professionOrOccupation</subfield>
      <subfield code="w">r</subfield>
      <subfield code="i">Beruf</subfield>
    </datafield>
    <datafield tag="551" ind1=" " ind2=" ">
      <subfield code="0">(DE-101)004852796</subfield>
      <subfield code="0">(DE-588)2028657-0</subfield>
      <subfield code="0">https://d-nb.info/gnd/2028657-0</subfield>
      <subfield code="a">Heessen</subfield>
      <subfield code="g">Westfalen</subfield>
      <subfield code="4">ortg</subfield>
      <subfield code="4">https://d-nb.info/standards/elementset/gnd#placeOfBirth</subfield>
      <subfield code="w">r</subfield>
      <subfield code="i">Geburtsort</subfield>
    </datafield>
    <datafield tag="551" ind1=" " ind2=" ">
      <subfield code="0">(DE-101)040406083</subfield>
      <subfield code="0">(DE-588)4040608-8</subfield>
      <subfield code="0">https://d-nb.info/gnd/4040608-8</subfield>
      <subfield code="a">Münster (Westf)</subfield>
      <subfield code="4">orts</subfield>
      <subfield code="4">https://d-nb.info/standards/elementset/gnd#placeOfDeath</subfield>
      <subfield code="w">r</subfield>
      <subfield code="i">Sterbeort</subfield>
    </datafield>
    <datafield tag="551" ind1=" " ind2=" ">
      <subfield code="0">(DE-101)040314839</subfield>
      <subfield code="0">(DE-588)4031483-2</subfield>
      <subfield code="0">https://d-nb.info/gnd/4031483-2</subfield>
      <subfield code="a">Köln</subfield>
      <subfield code="4">ortw</subfield>
      <subfield code="4">https://d-nb.info/standards/elementset/gnd#placeOfActivity</subfield>
      <subfield code="w">r</subfield>
      <subfield code="i">Wirkungsort</subfield>
    </datafield>
    <datafield tag="551" ind1=" " ind2=" ">
      <subfield code="0">(DE-101)040406083</subfield>
      <subfield code="0">(DE-588)4040608-8</subfield>
      <subfield code="0">https://d-nb.info/gnd/4040608-8</subfield>
      <subfield code="a">Münster (Westf)</subfield>
      <subfield code="4">ortw</subfield>
      <subfield code="4">https://d-nb.info/standards/elementset/gnd#placeOfActivity</subfield>
      <subfield code="w">r</subfield>
      <subfield code="i">Wirkungsort</subfield>
    </datafield>
    <datafield tag="551" ind1=" " ind2=" ">
      <subfield code="0">(DE-101)040439747</subfield>
      <subfield code="0">(DE-588)4043974-4</subfield>
      <subfield code="0">https://d-nb.info/gnd/4043974-4</subfield>
      <subfield code="a">Osnabrück</subfield>
      <subfield code="4">ortw</subfield>
      <subfield code="4">https://d-nb.info/standards/elementset/gnd#placeOfActivity</subfield>
      <subfield code="w">r</subfield>
      <subfield code="i">Wirkungsort</subfield>
    </datafield>
    <datafield tag="667" ind1=" " ind2=" ">
      <subfield code="a">labi-nrw-wes</subfield>
    </datafield>
    <datafield tag="667" ind1=" " ind2=" ">
      <subfield code="a">Basic Heading</subfield>
    </datafield>
    <datafield tag="667" ind1=" " ind2=" ">
      <subfield code="a">NDSBIO</subfield>
    </datafield>
    <datafield tag="667" ind1=" " ind2=" ">
      <subfield code="a">12</subfield>
    </datafield>
    <datafield tag="667" ind1=" " ind2=" ">
      <subfield code="a">384</subfield>
    </datafield>
    <datafield tag="667" ind1=" " ind2=" ">
      <subfield code="a">7</subfield>
    </datafield>
    <datafield tag="667" ind1=" " ind2=" ">
      <subfield code="a">Körperschaft in 510 ungeprüft</subfield>
    </datafield>
    <datafield tag="670" ind1=" " ind2=" ">
      <subfield code="a">LCAuth</subfield>
    </datafield>
    <datafield tag="670" ind1=" " ind2=" ">
      <subfield code="a">VD-17</subfield>
    </datafield>
    <datafield tag="670" ind1=" " ind2=" ">
      <subfield code="a">Jahresberichte für Deutsche Geschichte</subfield>
      <subfield code="b">Stand: 22.03.2018</subfield>
      <subfield code="u">http://www.jdg-online.de/datenbank</subfield>
    </datafield>
    <datafield tag="670" ind1=" " ind2=" ">
      <subfield code="a">DbA</subfield>
    </datafield>
    <datafield tag="670" ind1=" " ind2=" ">
      <subfield code="a">ADB</subfield>
    </datafield>
    <datafield tag="670" ind1=" " ind2=" ">
      <subfield code="a">Wikipedia</subfield>
      <subfield code="b">Stand: 22.03.2018</subfield>
      <subfield code="u">https://de.wikipedia.org/w/index.php?title=Matth%C3%A4us_Tympius&amp;oldid=167784225</subfield>
    </datafield>
    <datafield tag="672" ind1=" " ind2="0">
      <subfield code="a">Kinderzucht</subfield>
      <subfield code="f">1610</subfield>
    </datafield>
    <datafield tag="672" ind1=" " ind2="0">
      <subfield code="a">Katholische Leichpredigen</subfield>
      <subfield code="f">1609</subfield>
    </datafield>
    <datafield tag="672" ind1=" " ind2="0">
      <subfield code="a">Leich-, Trost- und Bußpredigen</subfield>
      <subfield code="f">1619</subfield>
    </datafield>
    <datafield tag="672" ind1=" " ind2="0">
      <subfield code="a">Richtschnur des Lebens aller Religiosen</subfield>
      <subfield code="f">1614</subfield>
    </datafield>
    <datafield tag="672" ind1=" " ind2="0">
      <subfield code="a">Schiltlin der Keuschheit</subfield>
      <subfield code="f">1606</subfield>
    </datafield>
    <datafield tag="672" ind1=" " ind2="0">
      <subfield code="a">Vita Christi</subfield>
      <subfield code="f">1607</subfield>
    </datafield>
    <datafield tag="672" ind1=" " ind2="0">
      <subfield code="a">Zornschatz der Gottlosen</subfield>
      <subfield code="f">1603</subfield>
    </datafield>
    <datafield tag="672" ind1=" " ind2="0">
      <subfield code="a">Dormi secure</subfield>
      <subfield code="f">1613</subfield>
    </datafield>
    <datafield tag="672" ind1=" " ind2="0">
      <subfield code="a">Dormi secure</subfield>
      <subfield code="f">1615</subfield>
    </datafield>
    <datafield tag="672" ind1=" " ind2="0">
      <subfield code="a">Dormi secure</subfield>
      <subfield code="f">1650</subfield>
    </datafield>
    <datafield tag="672" ind1=" " ind2="0">
      <subfield code="a">Becanus, Martinus: Privilegia Calvinistarum Oder: Wunderbarliche und sonderbare Freyheiten der Calvinisten</subfield>
      <subfield code="f">1613</subfield>
    </datafield>
    <datafield tag="678" ind1=" " ind2=" ">
      <subfield code="b">Dt. kathol. Theologe und Pädagoge. Von 1586-1593 Professor für Philosophie und Rhetorik am Gymnasium Laurentianum in Köln, von 1595-1608 Rektor der Osnabrücker Domschule, danach Regens des Collegium Dettenianum und Domprediger in Münster</subfield>
    </datafield>
    <datafield tag="680" ind1=" " ind2=" ">
      <subfield code="a">Weitere Titel ggf. auch unter dem Pseudonym bzw. dem wirklichen Namen</subfield>
    </datafield>
    <datafield tag="913" ind1=" " ind2=" ">
      <subfield code="S">pnd</subfield>
      <subfield code="i">a</subfield>
      <subfield code="a">Tympe, Matthaeus</subfield>
      <subfield code="0">(DE-588a)123213843</subfield>
    </datafield>
    <datafield tag="913" ind1=" " ind2=" ">
      <subfield code="S">pnd</subfield>
      <subfield code="i">a</subfield>
      <subfield code="a">Tympe, Matthäus</subfield>
      <subfield code="0">(DE-588a)177756713</subfield>
    </datafield>
  </record>
